@article{bledsoe:1971,
        Author = {W. W. Bledsoe},
        Journal = {Artificial Intelligence},
        Pages = {55-77},
      Title = {Splitting and reduction heuristics in automatic theorem proving},
        Volume = {2},
        Year = {1971}}
}

@article{bledsoe:1977,
        Author = {W. W. Bledsoe},
        Journal = {Artificial Intelligence},
        Pages = {1-35},
        Title = {Non-resolution theorem proving},
        Volume = {9},
        Year = {1977}
}



@article{bledsoe:1978,
       Author = {W. W. Bledsoe and M. Tyson},
 %     Journal = {Artificial Intelligence},
 %     Pages = {1-35},
       Title = {The UT Interactive Prover},
       Volume = {ATP 17A},
       Year = {1978}
}



@article{bledsoe:1972,
        Author = {W. W. Bledsoe, R. S. Boyer and W. H. Henneman},
  %     Journal = {Artificial Intelligence},
  %     Pages = {27-60},
        Title = {Computer proofs of Limit theorems},
        Volume = {3},
        Year = {1972}
}




