@inproceedings{ContextualND,
	Author = {Bruno Woltzenlogel Paleo},
	Bibsource = {dblp computer science bibliography, http://dblp.org},
	Biburl = {http://dblp.uni-trier.de/rec/bib/conf/lfcs/Paleo13},
	Booktitle = {Logical Foundations of Computer Science, International Symposium, {LFCS} 2013, San Diego, CA, USA, January 6-8, 2013. Proceedings},
	Crossref = {DBLP:conf/lfcs/2013},
	Doi = {10.1007/978-3-642-35722-0_27},
	Keywords = {Bruno,DBLP,Solo,COREB},
	Pages = {372--386},
	Timestamp = {Mon, 13 Oct 2014 13:39:37 +0200},
	Title = {Contextual Natural Deduction},
	Url = {http://dx.doi.org/10.1007/978-3-642-35722-0_27},
	Year = {2013}}

@proceedings{DBLP:conf/lfcs/2013,
	Bibsource = {dblp computer science bibliography, http://dblp.org},
	Biburl = {http://dblp.uni-trier.de/rec/bib/conf/lfcs/2013},
	Doi = {10.1007/978-3-642-35722-0},
	Editor = {Sergei N. Art{\"{e}}mov and Anil Nerode},
	Isbn = {978-3-642-35721-3},
	Publisher = {Springer},
	Series = {Lecture Notes in Computer Science},
	Timestamp = {Mon, 13 Oct 2014 13:39:37 +0200},
	Title = {Logical Foundations of Computer Science, International Symposium, {LFCS} 2013, San Diego, CA, USA, January 6-8, 2013. Proceedings},
	Url = {http://dx.doi.org/10.1007/978-3-642-35722-0},
	Volume = {7734},
	Year = {2013}}