@article{Swart:1983uq,
	Author = {Harrie C.M. de Swart},
	Journal = {J. Symb. Log.},
	Number = {1},
	Pages = {1-20},
	Title = {A {G}entzen- or {B}eth-Type System, a Practical Decision Procedure and a Constructive Completeness Proof for the Counterfactual Logics {VC} and {VCS}},
	Volume = {48},
	Year = {1983}
}

@article{Gent:1992p3090,
	Author = {Ian P. Gent},
	Journal = {Notre Dame J. Form. Log.},
	Number = {3},
	Pages = {369--382},
	Title = {A Sequent- or Tableau-style System for {L}ewis's Counterfactual Logic {VC}},
	Volume = {33},
	Year = {1992},
}

@inproceedings{Lellmann:2012fk,
	Author = {Bj{\"o}rn Lellmann and Dirk Pattinson},
	Booktitle = {JELIA 2012},
	Editor = {del Cerro, Luis Fari\~{n}as and Andreas Herzig and Jerome Mengin},
	Pages = {320-332},
	Publisher = {Springer-Verlag Berlin Heidelberg},
	Series = {LNCS},
	Title = {Sequent Systems for {L}ewis' Conditional Logics},
	Volume = {7519},
	Year = {2012}
}

@book{Lewis:1973uq,
	Author = {David Lewis},
	Publisher = {Blackwell},
	Title = {Counterfactuals},
	Year = {1973}
}

@book{Troelstra:2000fj,
	Author = {Anne Sjerp Troelstra and Helmut Schwichtenberg},
	Edition = {2},
	Publisher = {Cambridge University Press},
	Series = {Cambridge Tracts In Theoretical Computer Science},
	Title = {Basic Proof Theory},
	Volume = {43},
	Year = {2000}
}
                  
@inproceedings{Lellmann:2013fk,
	Author = {Bj{\"o}rn Lellmann and Dirk Pattinson},
	Booktitle = {ICLA 2013},
	Editor = {Kamal Lodaya},
	Pages = {148-160},
	Publisher = {Springer-Verlag Berlin Heidelberg},
	Series = {LNAI},
	Title = {Constructing Cut Free Sequent Systems With Context Restrictions Based on Classical or Intuitionistic Logic},
	Volume = {7750},
	Year = {2013}
}

@phdthesis{Lellmann:2013,
	Author = {Bj{\"o}rn Lellmann},
	School = {Imperial College London},
	Title = {Sequent Calculi with Context Restrictions and Applications to Conditional Logic},
	Year = {2013},
        URL = {http://hdl.handle.net/10044/1/18059}
}


