@String{lci =    "Schloss Dagstuhl--Leibniz-Zentrum f{\"u}r Informatik"}

@String{lipics = "Leibniz International Proceedings in Informatics
                 (LIPIcs)"}

@InProceedings{chaudhuri12csl,
  author =       "Kaustuv Chaudhuri and Stefan Hetzl and Dale Miller",
  title =        "A Systematic Approach to Canonicity in the Classical
                 Sequent Calculus",
  booktitle =    "CSL 2012: Computer Science Logic",
  year =         "2012",
  month =        sep,
  pages =        "183--197",
  editor =       "P. C{\'e}gielski and A. Durand",
%  publisher =    lci,
  series =       "LIPIcs",
  volume =       "16",
%  doi =          "10.4230/LIPIcs.CSL.2012.183",
%  ISBN =         "978-3-939897-42-2",
%  ISSN =         "1868-8969",
}

@Article{chaudhuri14jlc,
  author =       "Kaustuv Chaudhuri and Stefan Hetzl and Dale Miller",
  title =        "A Multi-Focused Proof System Isomorphic to Expansion
                 Proofs",
  journal =      "J. of Logic and Computation",
  publisher =    "Oxford University Press",
  month =        jun,
  year =         "2014",
%  doi =          "10.1093/logcom/exu030",
%  pdf =          "http://hal.inria.fr/hal-00937056/PDF/lkfexp.pdf",
%  URL =          "http://hal.inria.fr/hal-00937056",
}
\
@Article{girard87tcs,
  author =       "Jean-Yves Girard",
  title =        "Linear Logic",
  journal =      "Theoretical Computer Science",
  volume =       "50",
  year =         "1987",
  pages =        "1--102",
}
                  
@PhdThesis{miller83,
  author =       "Dale Miller",
  title =        "Proofs in Higher-order Logic",
  school =       "Carnegie-Mellon University",
  month =        aug,
  year =         "1983",
%  URL =          "http://www.lix.polytechnique.fr/Labo/Dale.Miller/papers/th.pdf",
}
                  
@Article{miller87sl,
  author =       "Dale Miller",
  title =        "A Compact Representation of Proofs",
  journal =      "Studia Logica",
  volume =       "46",
  number =       "4",
  pages =        "347--370",
  year =         "1987",
}
