@article{Hyland:1993,
	Author = {Martin Hyland and Valeria de Paiva},
	Journal = {Annals of Pure and Applied Logic},
	Number = {3},
	Pages = {273 - 291},
	Title = {Full intuitionistic linear logic (extended abstract)},
	Volume = {64},
	Year = {1993}}

@phdthesis{dePaiva:1990,
	Author = {Valeria de Paiva},
	School = {University of Cambridge},
	Title = {The Dialectica Categories},
	Year = {1990}}
