@book{Troelstra:2000,
	Author = {Anne Sjerp Troelstra and Helmut Schwichtenberg},
	Edition = {2},
	Publisher = {Cambridge University Press},
	Series = {Cambridge Tracts In Theoretical Computer Science},
	Title = {Basic Proof Theory},
	Volume = {43},
	Year = {2000}
}
                  
