@article{Gentzen1935,
  author = {Gerhard Gentzen},
  title = {{U}ntersuchungen \"uber das logische {S}chlie{\ss}en {I}},
  journal = {Mathematische Zeitschrift},
  year = {1935},
  volume = {39},
  pages = {176--210},
  number = {1},
  month = {dec},
}

@article{Gentzen1935a,
  author = {Gentzen, Gerhard},
  title = {{U}ntersuchungen \"uber das logische {S}chlie{\ss}en {II}},
  journal = {Mathematische Zeitschrift},
  year = {1935},
  volume = {39},
  pages = {405--431},
  number = {1},
  month = {dec},
}


