@article{lk:Gentzen1935,
  author = {Gerhard Gentzen},
  title = {{U}ntersuchungen \"uber das logische {S}chlie{\ss}en {I}},
  journal = {Mathematische Zeitschrift},
  year = {1935},
  volume = {39},
  pages = {176--210},
  number = {1},
  month = {dec},
}

@article{lk:Gentzen1935a,
  author = {Gentzen, Gerhard},
  title = {{U}ntersuchungen \"uber das logische {S}chlie{\ss}en {II}},
  journal = {Mathematische Zeitschrift},
  year = {1935},
  volume = {39},
  pages = {405--431},
  number = {1},
  month = {dec},
}

@Book{lk:Takeuti1975,
author = { Takeuti, Gaisi, },
title = { Proof Theory },
isbn = { 0444104925 },
publisher = { North-Holland Pub. Co. ; American Elsevier Pub. Co Amsterdam : New York },
pages = { 372 p. },
year = { 1975 },
type = { Book },
language = { English },
subjects = { Proof Theory },
catalogue-url = { http://nla.gov.au/nla.cat-vn2676521 },
}
