@InProceedings{MFCS14,
  author =       {Olaf Beyersdorff and Leroy Chew  and Mikol\'a\v{s} Janota},
  title =        {On Unification of {QBF} Resolution-Based Calculi },
  booktitle =    {Mathematical Foundations of Computer Science (MFCS)},
  year =         2014
}

@article{JanotaTCS15,
  author = "Mikol\'a\v{s} Janota and Joao Marques-Silva",
  title = "Expansion-based \{QBF\} solving versus {Q-resolution}",
  journal = "Theoretical Computer Science ",
  volume = "577",
  number = "0",
  pages = "25--42",
  year = "2015",
  doi = "http://dx.doi.org/10.1016/j.tcs.2015.01.048",
}
