@article{KrausLehmannMagidor:90,
  author={S.~Kraus and D.~Lehmann and M.~Magidor},
  title={Nonmonotonic Reasoning, Preferential Models and Cumulative Logics},
  year={1990},
  journal={Artificial Intelligence},
  volume={44},
  number={1-2},
 pages={167-207}
}

@article { toclKLMpozz,
author = { Laura Giordano and Valentina Gliozzi and Nicola Olivetti and Gian Luca Pozzato },
title = {Analytic Tableaux Calculi for KLM Logics of Nonmonotonic Reasoning},
publisher = { ACM },
journal = { ACM Transactions on Computational Logic (ToCL) },
volume = { 10 },
year = { 2009 },
pages = { 1 -- 47 },
issue = { 3 },
doi = { 10.1145/1507244.1507248 }
}

@INPROCEEDINGS { aiia207pozz,
author = { Laura Giordano and Valentina Gliozzi and Nicola Olivetti and Gian Luca Pozzato },
title = {An Implementation of a Free-variable Tableaux for KLM Preferential Logic P of Nonmonotonic Reasoning:},
editor = { Roberto Basili and Maria Teresa Pazienza },
booktitle = { AI*IA 2007: Artificial Intelligence and Human-Oriented Computing - Proceedings of AI*IA 2007 (10th Congress of Italian Association for Artificial Intelligence) },
volume = { 4733 },
year = { 2007 },
pages = { 84 -- 96 },
issue = { },
series= { Lecture Notes in Artificial Intelligence LNAI },
address= { Roma, Italy },
publisher= { Springer },
month= { September },
doi = { 10.1007/978-3-540-74782-6_9 }
}

@INPROCEEDINGS { tableaux2007pozz,
author = { Laura Giordano and Valentina Gliozzi and Gian Luca Pozzato },
title = {KLMLean 2.0: A Theorem Prover for KLM Logics of Nonmonotonic Reasoning},
editor = { Nicola Olivetti },
booktitle = { Automated Reasoning with Analytic Tableaux and Related Methods - Proceedings of TABLEAUX 2007 (16th International Conference on Automated Reasoning with Analytic Tableaux and Related Methods) },
volume = { 4548 },
year = { 2007 },
pages = { 238 -- 244 },
issue = { },
series= { Lecture Notes in Artificial Intelligence LNAI },
address= { Aix en Provence, France },
publisher= { Springer },
month= { July },
doi = { 10.1007/978-3-540-73099-6_19 }
}

@INPROCEEDINGS { jelia2006pozz,
author = { Laura Giordano and Valentina Gliozzi and Nicola Olivetti and Gian Luca Pozzato },
title = {Analytic Tableaux Calculi for KLM Rational Logic R},
editor = { Michael Fisher and Wiebe van der Hoek and Boris Konev and Alexei Lisitsa },
booktitle = { Logics in Artificial Intelligence - Proceedings of JELIA 2006 (10th European Conference on Logics in Artificial Intelligence) },
volume = { 4160 },
year = { 2006 },
pages = { 190 -- 202 },
issue = { },
series= { Lecture Notes in Artificial Intelligence LNAI },
address= { Liverpool, United Kingdom },
publisher= { Springer },
month= { September },
doi = { 10.1007/11853886_17 }
}

@INPROCEEDINGS { lpar2005pozz,
author = { Laura Giordano and Valentina Gliozzi and Nicola Olivetti and Gian Luca Pozzato },
title = {Analytic Tableaux for KLM Preferential and Cumulative Logics},
editor = { Geoff Sutcliff and Andrei Voronkov },
booktitle = { Logic for Programming, Artificial Intelligence, and Reasoning - Proceedings of LPAR 2005 (12th Conference on Logic for Programming, Artificial Intelligence, and Reasoning) },
volume = { 3835 },
year = { 2005 },
pages = { 666 -- 681 },
issue = { },
series= { Lecture Notes in Artificial Intelligence LNAI },
address= { Montego Bay, Jamaica },
publisher= { Springer },
month= { December },
doi = { 10.1007/11591191_46 }
}
