@article { toclpozz,
author = { Nicola Olivetti and Gian Luca Pozzato and Camilla Schwind },
title = {A sequent calculus and a theorem prover for standard conditional logics},
publisher = { ACM },
journal = { ACM Transactions on Computational Logic (ToCL) },
volume = { 8 },
year = { 2007 },
pages = { 1 -- 51 },
issue = { 4 },
doi = { 10.1145/1276920.1276924 }
}

@INPROCEEDINGS {tab2005pozz,
author = { Nicola Olivetti and Gian Luca Pozzato },
title = {CondLean 3.0: Improving Condlean for Stronger Conditional Logics},
editor = { Bernhard Beckert },
booktitle = { Automated Reasoning with Analytic Tableaux and Related Methods - Proceedings of TABLEAUX 2005 (14th International Conference on Automated Reasoning with Analytic Tableaux and Related Methods) },
volume = { 3702 },
year = { 2005 },
pages = { 328 -- 332 },
issue = { },
series= { Lecture Notes in Artificial Intelligence LNAI },
address= { Koblenz, Germany },
publisher= { Springer },
month= { September },
doi = { 10.1007/11554554_27 }
}

@INPROCEEDINGS {tab2003pozz,
author = { Nicola Olivetti and Gian Luca Pozzato },
title = {CondLean: A Theorem Prover for Conditional Logics},
editor = { Marta Cialdea Mayer and Fiora Pirri },
booktitle = { Automated Reasoning with Analytic Tableaux and Related Methods - Proceedings of TABLEAUX 2003 (12th International Conference on Automated Reasoning with Analytic Tableaux and Related Methods) },
volume = { 2796 },
year = { 2003 },
pages = { 264 -- 270 },
issue = { },
series= { Lecture Notes in Artificial Intelligence LNAI },
address= { Roma, Italy },
publisher= { Springer },
month= { September },
doi = { 10.1007/978-3-540-45206-5_23 }
}
