@Article{andreoli92jlc,
  author =       "Jean-Marc Andreoli",
  title =        "Logic Programming with Focusing Proofs in Linear
                 Logic",
  journal =      jlc,
  volume =       "2",
  number =       "3",
  pages =        "297--347",
  year =         "1992",
}

@InCollection{danos93wll,
  title =        "{LKT} and {LKQ}: sequent calculi for second order
                 logic based upon dual linear decompositions of
                 classical implication",
  author =       "V. Danos and J.-B. Joinet and H. Schellinx",
  booktitle =    "Advances in Linear Logic",
  year =         "1995",
  editor =       "J.-Y. Girard and Y. Lafont and L. Regnier",
  pages =        "211--224",
  publisher =    "Cambridge University Press",
  number =       "222",
  series =       "London Mathematical Society Lecture Note Series",
}

@Article{chaudhuri14jlc,
  author =       "Kaustuv Chaudhuri and Stefan Hetzl and Dale Miller",
  title =        "A Multi-Focused Proof System Isomorphic to Expansion
                 Proofs",
  journal =      "J. of Logic and Computation",
  publisher =    "Oxford University Press",
  month =        jun,
  year =         "2014",
%  doi =          "10.1093/logcom/exu030",
%  pdf =          "http://hal.inria.fr/hal-00937056/PDF/lkfexp.pdf",
%  URL =          "http://hal.inria.fr/hal-00937056",
}

@InProceedings{liang07csl,
  author =       "Chuck Liang and Dale Miller",
  title =        "Focusing and Polarization in Intuitionistic Logic",
  booktitle =    "CSL 2007: Computer Science Logic",
  editor =       "J. Duparc and T. A. Henzinger",
  volume =       "4646",
  series =       "LNCS",
  publisher =    "Springer",
  pages =        "451--465",
  year =         "2007",
%  URL =          "http://www.lix.polytechnique.fr/Labo/Dale.Miller/papers/csl07liang.pdf",
}

@Article{liang09tcs,
  author =       "Chuck Liang and Dale Miller",
  title =        "Focusing and Polarization in Linear, Intuitionistic,
                 and Classical Logics",
  year =         "2009",
  journal =      "Theoretical Computer Science",
  publisher =    "Elsevier",
  volume =       "410",
  number =       "46",
  pages =        "4747--4768",
%  doi =          "10.1016/j.tcs.2009.07.041",
}

@Article{girard91mscs,
  author =       "Jean-Yves Girard",
  title =        "A new constructive logic: classical logic",
  journal =      "Math. Structures in Comp. Science",
  volume =       "1",
  year =         "1991",
  pages =        "255--296",
}

