@inproceedings{CurHer00,
  author      = {Pierre-Louis Curien and Hugo Herbelin},
  title       = {The duality of computation},
  booktitle   = {Proceedings of the Fifth ACM SIGPLAN International Conference
      on Functional Programming, ICFP 2000, Montreal, Canada,
      September 18-21, 2000},
  pages       = {233--243},
  publisher   = {ACM},
  series      = {SIGPLAN Notices 35(9)},
  year        = {2000},
  isbn        = {1-58113-202-6}
}

@incollection{DanJoiSch95,
  author      = {Vincent Danos and Jean-Baptiste Joinet and Harold Schellinx},
  title       = {{LKQ} and {LKT}: sequent calculi for second order logic 
                 based upon dual linear decompositions of the
                 classical implication},
  booktitle   = {Advances in Linear Logic},
  editors     = {J-Y. Girard and Y. Lafont and L. Regnier},
  collection  = {London Mathematical Society Lecture Notes},
  volume      = 222,
  pages       = {211-224},
  publisher   = {Cambridge University Press},
  year        = 1995,
}

## Computational classical logic, Linear logic
@article{DanJoiSch97,
  author      = {Vincent Danos and Jean-Baptiste Joinet and Harold Schellinx},
  title       = "A new deconstructive logic: Linear Logic",
  journal     = jsl,
  volume      = 62,
  number      = 3,
  pages       = {755-807},
  year        = 1997,
}

@PhDThesis{HerbelinHdR,
  author      = {Hugo Herbelin},
  title       = {C'est maintenant qu'on calcule: au c{\oe}ur de la dualit\'e},
  school      = {University Paris 11},
  type        = {{Habilitation} thesis},
  month       = dec,
  year        = 2005
}


@inproceedings{DownenAriola14,
  author    = {Paul Downen and
               Zena M. Ariola},
  title     = {The Duality of Construction},
  booktitle = {Programming Languages and Systems - 23rd European Symposium on Programming,
               {ESOP} 2014, Held as Part of the European Joint Conferences on Theory
               and Practice of Software, {ETAPS} 2014, Grenoble, France, April 5-13,
               2014, Proceedings},
  editor    = {Zhong Shao},
  series    = {Lecture Notes in Computer Science},
  volume    = {8410},
  publisher = {Springer},
  pages     = {249--269},
  year      = {2014},
}

@article{KimuraTatsuta13,
  author    = {Daisuke Kimura and
               Makoto Tatsuta},
  title     = {Call-by-Value and Call-by-Name Dual Calculi with Inductive and Coinductive
               Types},
  journal   = {Logical Methods in Computer Science},
  volume    = {9},
  number    = {1},
  year      = {2013},
  url       = {http://dx.doi.org/10.2168/LMCS-9(1:14)2013},
  doi       = {10.2168/LMCS-9(1:14)2013},
  timestamp = {Mon, 28 Oct 2013 16:56:55 +0100},
  biburl    = {http://dblp.uni-trier.de/rec/bib/journals/corr/abs-1302-5765},
  bibsource = {dblp computer science bibliography, http://dblp.org}
}



@inproceedings{Kikuchi04,
  author    = {Kentaro Kikuchi},
  title     = {A Direct Proof of Strong Normalization for an Extended Herbelin?s
               Calculus},
  booktitle = {Functional and Logic Programming, 7th International Symposium, {FLOPS}
               2004, Nara, Japan, April 7-9, 2004, Proceedings},
  pages     = {244--259},
  year      = {2004},
  editor    = {Yukiyoshi Kameyama and
               Peter J. Stuckey},
  series    = {Lecture Notes in Computer Science},
  volume    = {2998},
  publisher = {Springer},
}

