@InCollection{Howard80,
  author      = {William A. Howard},
  title       = "The formulae-as-types notion of constructions",
  booktitle   = "to H.B. Curry: Essays on Combinatory Logic, Lambda Calculus
                 and Formalism",
  editors     =  {J.P. Seldin and J.R. Hindley},
  publisher   = {Academic Press},
  year        = 1980,
  note        = "Unpublished manuscript of 1969"
}

@Book{Prawitz65,
  author      = "Dag Prawitz",
  title       = "Natural Deduction, a Proof-Theoretical Study",
  publisher   = "Almqvist and Wiksell, Stockholm",
  year        = "1965"
}

@book{Troelstra73,
  author      = "Anne S. Troelstra",
  title       = "Metamathematical Investigation of Intuitionistic Arithmetic and
		 Analysis",
  publisher   = "Springer-Verlag",
  address     = "Berlin",
  series      = "Lecture Notes in Mathematics",
  volume      = "344",
  year        = "1973"}

@inproceedings{Munch-Maccagnoni09,
  author    = {Guillaume Munch{-}Maccagnoni},
  title     = {Focalisation and Classical Realisability},
  booktitle = {Computer Science Logic, 23rd international Workshop, {CSL} 2009, 18th
               Annual Conference of the EACSL, Coimbra, Portugal, September 7-11,
               2009. Proceedings},
  editor    = {Erich Gr{\"{a}}del and
               Reinhard Kahle},
  series    = {Lecture Notes in Computer Science},
  volume    = {5771},
  publisher = {Springer},
  pages     = {409--423},
  year      = {2009},
  url       = {http://dx.doi.org/10.1007/978-3-642-04027-6_30},
  doi       = {10.1007/978-3-642-04027-6_30},
}
