@book{Luo:94,
  author = {Luo, Zhaohui},
  year   = {1994},
  title  = {Computation and Reasoning. A Type Theory for Computer Science},
  address = {Oxford, UK},
  publisher = {Clarendon Press}
}

@book{NPS:90,
  author = {Nordstr\"om, B. and Petersson, G. and Smith, J.},
  year   = {1990},
  title  = {Programming in Martin-L\"of's Type Theory: An Introduction},
  address = {Oxford, UK},
  publisher = {Oxford University Press}
}

@ARTICLE{SolLuo:02,
author = {Soloviev, S. and Luo, Z.},
year = {2002},
title = {Coercion Completion and Conservativity in Coercive Subtyping},
journal = {Annals of Pure and Applied Logic},
volume = {113},
number = {1-3},
pages = {297 - 322}
}

@ARTICLE{LuoSolXue:13,
author = {Luo, Z. and Soloviev, S. and Xue, T.},
year = {2013},
title = {Coercive Subtyping: Theory and Implementation},
journal = {Information and Computation},
volume = {223},
number = {},
pages = {18-42}
}

@PhdThesis{HG:94,
  author =  "H. Goguen",
  title =   "A Typed Operational Semantics for Type Theory",
  school =  "University of Edinburgh",
  year =    "1994",
  OPTaddress =  "",
  OPTmonth =    "",
  OPTnote =     ""
}
