@article{Maehara1954,
  title = "Eine Darstellung der intuitionistischen Logik in der klassischen",
  author = "Maehara, Sh\^{o}ji",
  fjournal = "Nagoya Mathematical Journal",
  journal = "Nagoya Math. J.",
  pages = "45--64",
  publisher = "Duke University Press",
  volume = "7",
  year = "1954"
}

@book{takeuti87,
  author =       "Gaisi Takeuti",
  title =        "Proof Theory",
  edition =      "2nd Edition",
  publisher =    "North Holland",
  year =         "1987",
}

  volume =       "67",
  series =       "Translations of Mathematical Monographs",
@book{dragalin88,
  author =       "A. G. Dragalin",
  title =        "Mathematical Intuitionism: Introduction to Proof
                 Theory",
  publisher =    "American Mathematical Society",
  year =         "1988",
}

@book{dummett77,
  author =       "Michael Dummett",
  title =        "Elements of Intuitionism",
  publisher =    "Clarendon Press",
  address =      "Oxford",
  year =         "1977",
}


@article{Schellinx91,
  author    = {Harold Schellinx},
  title     = {Some Syntactical Observations on Linear Logic},
  journal   = {J. Log. Comput.},
  volume    = {1},
  number    = {4},
  pages     = {537--559},
  year      = {1991},
}

@phdthesis{GisellePhD,
  title={Cut-elimination by resolution in intuitionistic logic},
  author={Giselle Reis},
  school={Vienna University of Technology},
  month={July},
  year={2014}
}
