@article {jlcpozz,
author = { R\'egis Alenda and Nicola Olivetti and Gian Luca Pozzato },
title = {Nested Sequent Calculi for Normal Conditional Logics},
publisher = { Oxford University Press },
journal = { Journal of Logic and Computation },
year = {2013},
doi = {doi:10.1093/logcom/ext034 }
}

@INPROCEEDINGS {ijcarpozz,
author = { Nicola Olivetti and Gian Luca Pozzato },
title = {NESCOND: an Implementation of Nested Sequent Calculi for Conditional Logics},
editor = { Stephane Demri and Deepak Kapur and Christoph Weidenbach },
booktitle = { Proceedings of IJCAR 2014 (7th International Joint Conference on Automated Reasoning) },
volume = { 8562 },
year = { 2014 },
pages = { 511 -- 518 },
issue = { },
series= { Lecture Notes in Artificial Intelligence LNAI },
address= { Vienna (Austria) },
publisher= { Springer },
month= { July },
doi = { }
}

@INPROCEEDINGS {jelia2012pozz,
author = { R\'egis Alenda and Nicola Olivetti and Gian Luca Pozzato },
title = {Nested Sequent Calculi for Conditional Logics},
editor = { Luis Farinas del Cerro and Andreas Herzig and J\'er\`ome Mengin },
booktitle = { Logics in Artificial Intelligence - 13th European Conference, JELIA 2012 },
volume = { 7519 },
year = { 2012 },
pages = { 14 -- 27 },
issue = { },
series= { Lecture Notes in Artificial Intelligence LNAI },
address= { Toulouse, France },
publisher= { Springer },
month= { September },
doi = { 10.1007/978-3-642-33353-8_2 }
}
